<?xml version="1.0" encoding="UTF-8"?><record xmlns="http://www.loc.gov/MARC21/slim" xmlns:cinclude="http://apache.org/cocoon/include/1.0" xmlns:zs="http://www.loc.gov/zing/srw/">
  <leader>00409nz  a2200133n  4500</leader>
  <controlfield tag="001">no2012056060</controlfield>
  <controlfield tag="003">DLC</controlfield>
  <controlfield tag="005">20120421075411.0</controlfield>
  <controlfield tag="008">120419n| acannaabn          |n ana     c</controlfield>
  <datafield tag="010" ind1=" " ind2=" ">
    <subfield code="a">no2012056060</subfield>
  </datafield>
  <datafield tag="035" ind1=" " ind2=" ">
    <subfield code="a">(OCoLC)oca09176999</subfield>
  </datafield>
  <datafield tag="040" ind1=" " ind2=" ">
    <subfield code="a">NN</subfield>
    <subfield code="b">eng</subfield>
    <subfield code="c">NN</subfield>
  </datafield>
  <datafield tag="110" ind1="2" ind2=" ">
    <subfield code="a">Temple Sinai (Cranston, R.I.)</subfield>
  </datafield>
  <datafield tag="670" ind1=" " ind2=" ">
    <subfield code="a">Look what's cooking, 2000:</subfield>
    <subfield code="b">t.p. (Temple Sinai Sisterhood) p. [ii] (Temple Sinai, Cranston, Rhode Island)</subfield>
  </datafield>
</record>